@MANUAL{ieee80211-2020,
	author = {IEEE Std 802.11},
	title = {Wireless {LAN} Medium Access Control ({MAC}) and Physical Layer ({PHY}) Spec},
	year = 2020,
}

@Misc{aircrack-main,
	title = {Main [Aircrack-ng]},
	author = {Thomas d'Otreppe de Bouvette},
	year = {2022},
	month = nov,
	howpublished = {Retrieved 13 November 2022 from \url{https://www.aircrack-ng.org/doku.php}}
}

@Misc{Nuand,
	author = {Nuand},
	title = {{bladeRF-wiphy}},
	year = 2022,
	howpublished = {Retrieved 17 November 2022 from \url{https://www.nuand.com/bladerf-wiphy/}}
}

@inproceedings{bellardo2003802,
	title={802.11 {Denial-of-Service} Attacks: Real Vulnerabilities and Practical Solutions},
	author={Bellardo, John and Savage, Stefan},
	booktitle={USENIX Security},
	year={2003}
}

@Misc{linux-ath-user-regd,
	title = {linux-ath-user-regd},
	author = {twisteroidambassador},
	year = 2022,
	howpublished = {Retrieved 17 November 2022 from \url{https://github.com/twisteroidambassador/arch-linux-ath-user-regd}}
}

@Misc{gringoliopenfwwf2010,
	title={{OpenFWWF}: Open FirmWare for {WiFi} networks},
	author={Gringoli, Francesco and Nava, Lorenzo},
	year = {2022},
	howpublished={Retrieved 17 November 2022 from \url{https://web.archive.org/web/20220121031132/http://netweb.ing.unibs.it/openfwwf/}}
}

@electronic{nexmon:project,
	author = {Schulz, Matthias and Wegemer, Daniel and Hollick, Matthias},
	title = {Nexmon: The C-based Firmware Patching Framework},
	url = {https://nexmon.org},
	year = {2017}
}

@inproceedings{vanhoef2014advanced,
	title={Advanced {Wi-Fi} attacks using commodity hardware},
	author={Vanhoef, Mathy and Piessens, Frank},
	booktitle={ACSAC},
	pages={256--265},
	year={2014}
}

@article{chatzoglou2022your,
	title={How is your {Wi-Fi} connection today? {DoS} attacks on {WPA3-SAE}},
	author={Chatzoglou, Efstratios and Kambourakis, Georgios and Kolias, Constantinos},
	journal={Journal of Information Security and Applications},
	volume={64},
	pages={103058},
	year={2022},
	publisher={Elsevier}
}

@inproceedings{bloessl2013towards,
	title={Towards an Open Source IEEE 802.11 p stack: A full SDR-based transceiver in GNU Radio},
	author={Bloessl, Bastian and Segata, Michele and Sommer, Christoph and Dressler, Falko},
	booktitle={2013 IEEE Vehicular Networking Conference},
	pages={143--149},
	year={2013},
	organization={IEEE}
}

@Misc{linux-injection,
    title = {How to use packet injection with mac80211},
    author = {Andy Green},
    year = {2022},
    howpublished = {Retrieved 15 Nov.\ 2022 from \href{https://www.kernel.org/doc/html/v6.0/networking/mac80211-injection.html}{kernel.org/doc/html/v6.0/networking/mac80211-injection.html}}
}

@Misc{aircrack-iw-flags,
    title = {aircrack-ng: iw monitor mode flags},
    author = {Thomas d'Otreppe de Bouvette},
    year = 2017,
    howpublished = {Retrieved 15 November 2022 from \url{https://aircrack-ng.blogspot.com/2017/02/monitor-mode-flags.html}}
}

@Misc{linux-hostap-checkack,
	author = {Jouni Malinen},
	title = {Fixed auth/assoc {TX} callback handling to really use information about whether the transmit was successful or not},
	year = {2002},
	howpublished = {Retrieved 15 November 2022 form \url{https://w1.fi/cgit/hostap-history/commit/?id=095f76f19170}}
}

@inproceedings{schepers2021framework,
  title={A framework to test and fuzz {Wi-Fi} devices},
  author={Schepers, Domien and Vanhoef, Mathy and Ranganathan, Aanjhan},
  booktitle={ACM WiSec},
  pages={368--370},
  year={2021}
}

@Misc{span-802.11b,
    title = {SPAN Lab},
    author = {Hamed Firooz},
    year = {2013},
    howpublished = {\url{https://web.archive.org/web/20130412163400/http://span.ece.utah.edu/pmwiki/pmwiki.php?n=Main.80211bReceiver}}
}

@Misc{cgran-archive2013,
    title = {Projects â€“ The Comprehensive GNU Radio Archive Network (CGRAN)},
    author = {GNURadio},
    year = {2013},
    howpublished = {Retrieved 14 November 2022 from \url{https://web.archive.org/web/20131108081814/https://www.cgran.org/wiki/Projects}}
}

@mastersthesis{dobbins2011software,
  type={Bachelor's Thesis},
  title={Software defined radio localization using 802.11-style communications},
  author={Dobbins, Ryan and Garcia, Saul and Shaw, Brian},
  journal={Worcester Polytechnic Institute},
  year={2011}
}

@inproceedings{fuxjager2010ieee,
  title={{IEEE} 802.11p transmission using {GNURadio}},
  author={Fuxj{\"a}ger, Paul and Costantini, A and Valerio, D and Castiglione, P and Zacheo, G and Zemen, T and Ricciato, F},
  booktitle={WSR},
  pages={1--4},
  year={2010}
}

@misc{radiotap,
  title={Radiotap: De facto standard for 802.11 frame injection and reception},
  author={Johannes Berg},
  howpublished = {Retrieved 14 November 2022 from \url{https://www.radiotap.org/}},
  year = 2022
}

@inproceedings{vanhoef-ccs2017,
	title={Key reinstallation attacks: Forcing nonce reuse in {WPA2}},
	author={Vanhoef, Mathy and Piessens, Frank},
	booktitle={ACM CCS},
	year={2017}
}

@inproceedings{vanhoef-usenix2021-fragattacks,
	author = {Mathy Vanhoef},
	title = {Fragment and Forge: Breaking {Wi-Fi} Through Frame Aggregation and Fragmentation},
	booktitle = {USENIX Security},
	year = {2021},
	month = {August},
	publisher = {{USENIX} Association}
}

@inproceedings{jiao2020openwifi,
  title={openwifi: a free and open-source {IEEE802}.11 {SDR} implementation on {SoC}},
  author={Jiao, Xianjun and Liu, Wei and Mehari, Michael and Aslam, Muhammad and Moerman, Ingrid},
  booktitle={2020 IEEE 91st Vehicular Technology Conference (VTC2020-Spring)},
  pages={1--2},
  year={2020},
  organization={IEEE}
}

@Misc{adi-linux,
	title = {{ADI}-linux},
	author = {Analog Devices},
	year = 2022,
	howpublished = {Retrieved 17 November 2022 from \url{https://github.com/analogdevicesinc/linux}}
}

@Misc{repository,
	title={Injection test script},
	author={Mathy Vanhoef},
	year={2023},
	howpublished = {\href{https://github.com/vanhoefm/wifi-injection}{github.com/vanhoefm/wifi-injection}}
}

@inproceedings{vanhoef-sp2020-dragonblood,
	author = {Mathy Vanhoef and Eyal Ronen},
	title = {Dragonblood: Analyzing the {Dragonfly} Handshake of {WPA3} and {EAP-pwd}},
	booktitle = {IEEE S\&P},
	year = {2020},
	publisher = {IEEE}
}

@inproceedings{schepers2021let,
	title={Let numbers tell the tale: measuring security trends in {Wi-Fi} networks and best practices},
	author={Schepers, Domien and Ranganathan, Aanjhan and Vanhoef, Mathy},
	booktitle={Proceedings of the 14th ACM Conference on Security and Privacy in Wireless and Mobile Networks},
	pages={100--105},
	year={2021}
}

@inproceedings{vanhoef2018operating,
	title={Operating channel validation: Preventing multi-channel man-in-the-middle attacks against protected {Wi-Fi} networks},
	author={Vanhoef, Mathy and Bhandaru, Nehru and Derham, Thomas and Ouzieli, Ido and Piessens, Frank},
	booktitle={WiSec},
	year={2018}
}

@article{thankappan2022multi,
	title={Multi-channel man-in-the-middle attacks against protected wi-fi networks: A state of the art review},
	author={Thankappan, Manesh and Rif{\`a}-Pous, Helena and Garrigues, Carles},
	journal={Expert Systems with Applications},
	pages={118401},
	year={2022},
	publisher={Elsevier}
}

@inproceedings{cassola2013practical,
	title={A Practical, Targeted, and Stealthy Attack Against WPA Enterprise Authentication.},
	author={Cassola, Aldo and Robertson, William K and Kirda, Engin and Noubir, Guevara},
	booktitle={NDSS},
	year={2013}
}

@inproceedings{stute2021disrupting,
	title={Disrupting continuity of apple's wireless ecosystem security: New tracking, {DoS}, and {MitM} attacks on {iOS} and {macOS} through bluetooth low energy,{AWDL}, and {Wi-Fi}},
	author={Stute, Milan and Heinrich, Alexander and Lorenz, Jannik and Hollick, Matthias},
	booktitle={30th USENIX Security Symposium (USENIX Security 21)},
	pages={3917--3934},
	year={2021}
}

@inproceedings{greenstein2008improving,
	title={Improving wireless privacy with an identifier-free link layer protocol},
	author={Greenstein, Ben and McCoy, Damon and Pang, Jeffrey and Kohno, Tadayoshi and Seshan, Srinivasan and Wetherall, David},
	booktitle={Proceedings of the 6th international conference on Mobile systems, applications, and services},
	pages={40--53},
	year={2008}
}

@Misc{ieee-mentor-mandate-beaconprot,
	title = {11be {D2.0} {CR} for Beacon Protection},
	author = {Po-Kai Huang},
	year = 2022,
	howpublished = {Retrieved 26 October 2022 from \url{mentor.ieee.org/802.11/dcn/22/11-22-1460-03-00be-cr-for-beacon-protection.docx}}
}
